<?xml version="1.0" encoding="UTF-8"?><collection><record><leader>08999ntm a2200709 a 4500</leader><controlfield tag="001">006832425</controlfield><controlfield tag="003">MiAaHDL</controlfield><controlfield tag="005">20190719000000.0</controlfield><controlfield tag="006">m        d        </controlfield><controlfield tag="007">cr bn ---auaua</controlfield><controlfield tag="008">090629q16801720xx            00| ||ara d</controlfield><datafield tag="035" ind1=" " ind2=" "><subfield code="a">(MiU)006832425</subfield></datafield><datafield tag="035" ind1=" " ind2=" "><subfield code="a">sdr-miu006832425</subfield></datafield><datafield tag="040" ind1=" " ind2=" "><subfield code="a">MiU</subfield><subfield code="c">MiU</subfield><subfield code="e">amremm</subfield></datafield><datafield tag="043" ind1=" " ind2=" "><subfield code="a">n-us-mi</subfield></datafield><datafield tag="100" ind1="1" ind2=" "><subfield code="6">880-01</subfield><subfield code="a">ʻIṣām al-Asfarāyīnī, Ibrāhīm ibn Muḥammad,</subfield><subfield code="d">1468 or 1469-1538 or 1539.</subfield></datafield><datafield tag="245" ind1="1" ind2="0"><subfield code="6">880-03</subfield><subfield code="a">[Kitāb ʻIṣām al-Dīn Sharḥ al-Risālah al-Samarqandīyah ...etc.,</subfield><subfield code="f">late 17th or early 18th century?].</subfield></datafield><datafield tag="246" ind1="3" ind2="8"><subfield code="a">عصام للسمرقندية</subfield></datafield><datafield tag="246" ind1="3" ind2=" "><subfield code="i">From paper label on upper cover:</subfield><subfield code="a">عصام على السمرقندية</subfield></datafield><datafield tag="260" ind1=" " ind2=" "><subfield code="c">[1680-1720?].</subfield></datafield><datafield tag="300" ind1=" " ind2=" "><subfield code="a">30 leaves :</subfield><subfield code="b">paper ;</subfield><subfield code="c">207 x 158 (133 x 79) mm.</subfield></datafield><datafield tag="500" ind1=" " ind2=" "><subfield code="a">Shelfmark: Ann Arbor, University of Michigan, Special Collections Library, Isl. Ms. 943</subfield></datafield><datafield tag="500" ind1=" " ind2=" "><subfield code="a">Origin: Lacks dated colophon ; each work copied separately ; paper, hand, etc. would suggest late 17th or early 18th century.</subfield></datafield><datafield tag="500" ind1=" " ind2=" "><subfield code="a">Former shelfmark: Mich. Isl. Ms. temp. no. 92</subfield></datafield><datafield tag="500" ind1=" " ind2=" "><subfield code="a">Binding: Pasteboards covered in marbled paper (salmon, pink, orange, blue) with light brown leather over spine and fore edge flap ; Type II binding (with flap) ; boardlinings in pink-tinted laid paper ; serving more as a wrapper for the unsewn leaves (only a few bifolia still intact) ; overall in poor condition with much abrasion, staining, moisture damage, losses of leather and paper, foreedge flap detaching, opening leaves detached and split, etc.</subfield></datafield><datafield tag="500" ind1=" " ind2=" "><subfield code="a">Support: European laid paper of two types ; opening type with 9 laid lines per cm. (vertical), chain lines spaced 22-23 mm. apart (horizontal), three crescents watermark (parallel to chain lines, see pp.4, 8-9) and "PR" countermark, creamy, sturdy, burnished to glossy ; second work on a different type (trimmed to a different size) with 6-7 laid lines per cm. (vertical), chain lines spaced 27-28 mm. apart (horizontal), three crescents watermark (perpendicular to chains, 84 mm. long, see pp.50,55) and "Vd" countermark (see p.53).</subfield></datafield><datafield tag="500" ind1=" " ind2=" "><subfield code="a">Decoration: Keywords, assages of text being commented upon, occasional vocalization, and section headings rubricated ; textual dividers in the form of inverted commas in red.</subfield></datafield><datafield tag="500" ind1=" " ind2=" "><subfield code="a">Script: Naskh ; two main hands ; opening work in a clear Egyptian hand in a medium line, partially but irregularly seriffed with small right-sloping head-serifs on occasional lām, etc., effect of tilt to the left, open and closed counters, pointing mainly in distinct dots, alif maqṣūrah pointed as yāʼ, kāf mashkūlah (mashqūqah) preferred ; second work in a clear Egyptian or Syrian hand in a thin line, partially but irregularly seriffed with dramatic inclination to the right, slight effect of words descending to baseline, marked elongation of vertical strokes, curvilinear descenders, pointing in strokes rather than distinct dots, freely ligatured.</subfield></datafield><datafield tag="500" ind1=" " ind2=" "><subfield code="a">Layout: Written in 11 and 19 lines per page ; frame-ruled.</subfield></datafield><datafield tag="500" ind1=" " ind2=" "><subfield code="a">Collation: VI-1 (9), V (19), I (21), V-1 (30) ; catchwords present ; final quire trimmed to a different size ; pagination in pencil, Western numerals, supplied during digitization.</subfield></datafield><datafield tag="500" ind1=" " ind2=" "><subfield code="a">Colophon: [Sharḥ al-Risālah al-Samarqandīyah] "Scribal," triangular, reads "تم الشرح المبارك بحمد الله وعونه وحسن توفيقه على يد افقر العباد واحوجهم الى ربه العلي الفقير علي الواحي المالكي غفر الله له وللمسلمين تم"</subfield></datafield><datafield tag="500" ind1=" " ind2=" "><subfield code="a">Explicit: [Sharḥ al-Risālah al-Samarqandīyah] "في مقام شدة الاهتمام بالايضاح والحمد لله على تمام الاصباح بعد الظلام المحوج الى المصباح ونرجو الانتظام به في سلك دعاء الطلبة في الصباح والروح والله اعلم" ; [Nubdhah fī al-alghāz] "قلب اسمه ظهر وفي معاقيه [؟] اتسهر وهذا اخر الكلام"</subfield></datafield><datafield tag="500" ind1=" " ind2=" "><subfield code="a">Incipit: [Sharḥ al-Risālah al-Samarqandīyah] "يقول العبد المفتقر الى الطاف ربه الخفية عصام الدين بن محمد ... ان احسن ما تزاد به النعم الوفية وتدفع به البلية في البكرة والعشية الحمد لله الواهب العطية اي كل عطية والعطية المعهودة التي نزلت فيها السورة ..." ; [Nubdhah fī al-alghāz] "الحمد لله وكفى وسلام على عباده الذين اصطفى وبعد فهذه بعض الغاز تشرح الخاطر ويقطع بها الطريق المسافر فاقول ومن الله القبول وعليه التكلان وبه المستعان ..."</subfield></datafield><datafield tag="500" ind1=" " ind2=" "><subfield code="a">Title supplied by cataloguer from inscription on 'title page' (p.1).</subfield></datafield><datafield tag="500" ind1=" " ind2=" "><subfield code="a">Ms. composite codex.</subfield></datafield><datafield tag="505" ind1="0" ind2=" "><subfield code="a">5. p.60 : [excerpts of other riddles (alghāz) in verse].</subfield></datafield><datafield tag="505" ind1="0" ind2=" "><subfield code="a">4. p.59 : [mainly blank].</subfield></datafield><datafield tag="505" ind1="0" ind2=" "><subfield code="a">3. p.43-p.58 : Hādhihi Nubdhah fī al-alghāz / ʻAbd Allāh Abū al-Mawāhib al-Ṣiddīqī Sibṭ al-Ḥasan.</subfield></datafield><datafield tag="505" ind1="0" ind2=" "><subfield code="a">2. p.42 : [blank].</subfield></datafield><datafield tag="505" ind1="0" ind2=" "><subfield code="a">1. p.1-p.41 : Kitāb ʻIṣām al-Dīn Sharḥ al-Risālah al-Samarqandīyah / ‘Isām al-Dīn Ibrāhīm ibn Muḥammad ibn ʻArab Shāh al-Isfarāyīnī.</subfield></datafield><datafield tag="510" ind1="4" ind2=" "><subfield code="a">Jong, F. de. Ṭuruq and Ṭuruq-linked institutions in Nineteenth century Egypt: a historical study in organizational dimensions of Islamic mysticism. Leiden: E. J. Brill, 1978.</subfield></datafield><datafield tag="510" ind1="4" ind2=" "><subfield code="a">Brockelmann, C. GAL,</subfield><subfield code="c">II 194 (7. I. cmtre. 1)</subfield></datafield><datafield tag="520" ind1="8" ind2=" "><subfield code="a">Fine copy of the commentary by ‘Isām al-Dīn Ibrāhīm ibn Muḥammad ibn ʻArab Shāh al-Isfarā’inī (al-Isfarāyinī) (d.1537) upon al-Risālah al-Samarqandīyah, a work on metaphor (istiʻārah) by Abū al-Qāsim ibn Abī Bakr al- Samarqandī (ca. 1483), followed by a a brief selection of alghāz (riddles) in verse by ʻAbd Allāh Abū al-Mawāhib al-Ṣiddīqī al-Bakrī Sibṭ al-Ḥasan (fl. 1643).</subfield></datafield><datafield tag="538" ind1=" " ind2=" "><subfield code="a">Mode of access: Internet.</subfield></datafield><datafield tag="541" ind1=" " ind2=" "><subfield code="a">Acquired in the Fall of 1950.</subfield></datafield><datafield tag="546" ind1=" " ind2=" "><subfield code="a">Arabic.</subfield></datafield><datafield tag="561" ind1=" " ind2=" "><subfield code="a">On 'title page' (p.1), label with ex libris of James Heyworth-Dunne (d.1974), stamped with inventory number, "Ex Libris | J. Heyworth-Dunne | D. Lit. (London) | No 7769" ; several seal impressions on 'title page' (p.1), incipit and following page (pp.2-3), on p.37 and at close (on p.58 and p.60), namely circular seal impression seemingly dated 1304 [1886 or 7] in name of ʻAbd al-Bāqī al-Bakrī (see below) "هذا من كتب السيد عبد الباقي البكري ٣٠٤" and rectangular waqf seal impression in blue ink "يا رب انت الله يسر لنا علم لا اله الا الله وقف هذا الكتاب لله تعالى السيد عبد الباقي البكري الصديقي سبط الحسن" in name of the aforementioned ʻAbd al-Bāqī al-Bakrī al-Ṣiddīqī Sibṭ Āl al-Ḥasan (عبد الباقي البكري الصديقي سبط آل الحسن / d.1892), shaykh of the Bakrīyah order and incumbent to niqābat al-ashrāf in Egypt during the years 1880-1891 (see de Jong, Ṭuruq and Ṭuruq-linked institutions in Nineteenth century Egypt, Ch.3, Appendix VII-IX, etc.) and oval waqf seal impression in red ink "وقف لله تعالى ومقره بيت السجادة البكرية" in name of Bayt al-Sajjādah al-Bakrīyah (بيت السجادة البكرية) ; UM Library inscription on p.3 "Dunning | Heyworth-Dunne | 6-13-51 | 71955" ; glosses and marginal corrections (often with accompanying signes de renvoi).</subfield></datafield><datafield tag="600" ind1="1" ind2="0"><subfield code="a">Samarqandī, Abū al-Qāsim ibn Abī Bakr,</subfield><subfield code="d">15th cent.</subfield><subfield code="t">Risālah al-Samarqandīyah.</subfield></datafield><datafield tag="650" ind1=" " ind2="0"><subfield code="a">Manuscripts, Arabic</subfield><subfield code="z">Michigan</subfield><subfield code="z">Ann Arbor.</subfield></datafield><datafield tag="650" ind1=" " ind2="0"><subfield code="a">Arabic poetry</subfield><subfield code="y">1258-1800.</subfield></datafield><datafield tag="650" ind1=" " ind2="0"><subfield code="a">Riddles, Arabic</subfield><subfield code="v">Early works to 1800.</subfield></datafield><datafield tag="650" ind1=" " ind2="0"><subfield code="a">Metaphor</subfield><subfield code="v">Early works to 1800.</subfield></datafield><datafield tag="650" ind1=" " ind2="0"><subfield code="a">Arabic language</subfield><subfield code="x">Figures of speech</subfield><subfield code="v">Early works to 1800.</subfield></datafield><datafield tag="650" ind1=" " ind2="0"><subfield code="a">Arabic language</subfield><subfield code="x">Rhetoric</subfield><subfield code="v">Early works to 1800.</subfield></datafield><datafield tag="700" ind1="1" ind2=" "><subfield code="a">Heyworth-Dunne, J.</subfield><subfield code="q">(James),</subfield><subfield code="e">former owner.</subfield></datafield><datafield tag="700" ind1="0" ind2=" "><subfield code="6">880-07</subfield><subfield code="a">ʻAbd al-Bāqī al-Bakrī al-Ṣiddīqī,</subfield><subfield code="d">d. 1892,</subfield><subfield code="e">former owner.</subfield></datafield><datafield tag="700" ind1="0" ind2="2"><subfield code="6">880-05</subfield><subfield code="a">ʻAbd Allāh Abū al-Mawāhib al-Ṣiddīqī al-Bakrī,</subfield><subfield code="d">fl. 1643,</subfield><subfield code="t">Nubdhah fī al-alghāz.</subfield></datafield><datafield tag="773" ind1="0" ind2=" "><subfield code="a">Heyworth-Dunne Collection.</subfield></datafield><datafield tag="880" ind1="0" ind2=" "><subfield code="6">700-07/</subfield><subfield code="a">عبد الباقي البكري الصديقي،</subfield><subfield code="e">مالك سابق.</subfield></datafield><datafield tag="880" ind1="0" ind2="2"><subfield code="6">700-05/</subfield><subfield code="a">عبد الله ابو المواهب الصديقي البكري,</subfield><subfield code="t">نبذة في الالفاز.</subfield></datafield><datafield tag="880" ind1="1" ind2="0"><subfield code="6">245-03/</subfield><subfield code="a">[كتاب عصام الدين شرح الرسالة السمرقندية ... الخ,</subfield><subfield code="f">اواخر القرن 17 او اوائل القرن 18م؟].</subfield></datafield><datafield tag="880" ind1="1" ind2=" "><subfield code="6">100-01/</subfield><subfield code="a">عصام الأسفرايني ، إبراهيم بن محمد.</subfield></datafield><datafield tag="CID" ind1=" " ind2=" "><subfield code="a">006832425</subfield></datafield><datafield tag="DAT" ind1="0" ind2=" "><subfield code="a">20190719102640.0</subfield><subfield code="b">20190719000000.0</subfield></datafield><datafield tag="DAT" ind1="1" ind2=" "><subfield code="a">20190719090653.0</subfield><subfield code="b">2019-07-19T16:12:24Z</subfield></datafield><datafield tag="DAT" ind1="2" ind2=" "><subfield code="a">2015-10-02T18:00:03Z</subfield></datafield><datafield tag="CAT" ind1=" " ind2=" "><subfield code="a">SDR-MIU</subfield><subfield code="d">EX LIBRIS - ALEPH</subfield><subfield code="l">prepare.pl-004-008</subfield></datafield><datafield tag="FMT" ind1=" " ind2=" "><subfield code="a">BK</subfield></datafield><datafield tag="HOL" ind1=" " ind2=" "><subfield code="0">sdr-miu006832425</subfield><subfield code="a">MiU</subfield><subfield code="b">SDR</subfield><subfield code="c">MIU</subfield><subfield code="p">mdp.39015079131242</subfield><subfield code="s">MIU</subfield><subfield code="1">006832425</subfield></datafield><datafield tag="974" ind1=" " ind2=" "><subfield code="b">MIU</subfield><subfield code="c">MIU</subfield><subfield code="d">20190719</subfield><subfield code="s">lit-dlps-dc</subfield><subfield code="u">mdp.39015079131242</subfield><subfield code="y">1720</subfield><subfield code="r">ic-world</subfield><subfield code="q">man</subfield></datafield></record></collection>